@article{yilmaz2014moving,
  title={Moving forward with combinatorial interaction testing},
  author={Yilmaz, Cemal and Fouche, Sandro and Cohen, Myra B and Porter, Adam and Demiroz, Gulsen and Koc, Ugur},
  journal={Computer},
  number={2},
  pages={37--45},
  year={2014},
  publisher={IEEE}
}

@article{yilmaz2014reducing,
  title={Reducing Masking Effects in CombinatorialInteraction Testing: A Feedback DrivenAdaptive Approach},
  author={Yilmaz, Cemal and Dumlu, Emine and Cohen, Morris B and Porter, Alan},
  journal={Software Engineering, IEEE Transactions on},
  volume={40},
  number={1},
  pages={43--66},
  year={2014},
  publisher={IEEE}
}

@article{yilmaz2013test,
  title={Test case-aware combinatorial interaction testing},
  author={Yilmaz, Cemal},
  journal={Software Engineering, IEEE Transactions on},
  volume={39},
  number={5},
  pages={684--706},
  year={2013},
  publisher={IEEE}
}



@article{nie2011survey,
  title={A survey of combinatorial testing},
  author={Nie, Changhai and Leung, Hareton},
  journal={ACM Computing Surveys (CSUR)},
  volume={43},
  number={2},
  pages={11},
  year={2011},
  publisher={ACM}
}


@inproceedings{bryce2011finding,
  title={Finding interaction faults adaptively using distance-based strategies},
  author={Bryce, Ren{\'e}e C and Colbourn, Charles J and Kuhn, D Richard},
  booktitle={Engineering of Computer Based Systems (ECBS), 2011 18th IEEE International Conference and Workshops on},
  pages={4--13},
  year={2011},
  organization={IEEE}
}



@article{lei2008ipog,
  title={IPOG/IPOG-D: efficient test generation for multi-way combinatorial testing},
  author={Lei, Yu and Kacker, Raghu and Kuhn, D Richard and Okun, Vadim and Lawrence, James},
  journal={Software Testing, Verification and Reliability},
  volume={18},
  number={3},
  pages={125--148},
  year={2008},
  publisher={Wiley Online Library}
}


@inproceedings{cohen2007interaction,
  title={Interaction testing of highly-configurable systems in the presence of constraints},
  author={Cohen, Myra B and Dwyer, Matthew B and Shi, Jiangfan},
  booktitle={Proceedings of the 2007 international symposium on Software testing and analysis},
  pages={129--139},
  year={2007},
  organization={ACM}
}


@inproceedings{dumlu2011feedback,
  title={Feedback driven adaptive combinatorial testing},
  author={Dumlu, Emine and Yilmaz, Cemal and Cohen, Myra B and Porter, Adam},
  booktitle={Proceedings of the 2011 International Symposium on Software Testing and Analysis},
  pages={243--253},
  year={2011},
  organization={ACM}
}


@inproceedings{fouche2007towards,
  title={Towards incremental adaptive covering arrays},
  author={Fouch{\'e}, Sandro and Cohen, Myra B and Porter, Adam},
  booktitle={The 6th Joint Meeting on European software engineering conference and the ACM SIGSOFT symposium on the foundations of software engineering: companion papers},
  pages={557--560},
  year={2007},
  organization={ACM}
}


@inproceedings{avila2011parallel,
  title={A parallel algorithm for the verification of Covering Arrays},
  author={Avila-George, Himer and Torres-Jimenez, Jose and Hern{\'a}ndez, Vicente and Rangel-Valdez, Nelson},
  booktitle={Proceedings of the International Conference on Parallel and Distributed Processing Techniques and Applications-PDPTA 2011},
  pages={879--885},
  year={2011}
}

@inproceedings{torres2010simulated,
  title={Simulated annealing for constructing binary covering arrays of variable strength},
  author={Torres-Jimenez, Jose and Rodriguez-Tello, Eduardo},
  booktitle={Evolutionary Computation (CEC), 2010 IEEE Congress on},
  pages={1--8},
  year={2010},
  organization={IEEE}
}

@article{nurmela2004upper,
  title={Upper bounds for covering arrays by tabu search},
  author={Nurmela, Kari J},
  journal={Discrete applied mathematics},
  volume={138},
  number={1},
  pages={143--152},
  year={2004},
  publisher={Elsevier}
}

@article{torres2012new,
  title={New bounds for binary covering arrays using simulated annealing},
  author={Torres-Jimenez, Jose and Rodriguez-Tello, Eduardo},
  journal={Information Sciences},
  volume={185},
  number={1},
  pages={137--152},
  year={2012},
  publisher={Elsevier}
}

@article{cohen2008constructing,
  title={Constructing strength three covering arrays with augmented annealing},
  author={Cohen, Myra B and Colbourn, Charles J and Ling, Alan CH},
  journal={Discrete Mathematics},
  volume={308},
  number={13},
  pages={2709--2722},
  year={2008},
  publisher={Elsevier}
}

@article{bryce2007density,
  title={The density algorithm for pairwise interaction testing},
  author={Bryce, Ren{\'e}e C and Colbourn, Charles J},
  journal={Software Testing, Verification and Reliability},
  volume={17},
  number={3},
  pages={159--182},
  year={2007},
  publisher={Wiley Online Library}
}

@article{cohen1997aetg,
  title={The AETG system: An approach to testing based on combinatorial design},
  author={Cohen, David M and Dalal, Siddhartha R and Fredman, Michael L and Patton, Gardner C},
  journal={Software Engineering, IEEE Transactions on},
  volume={23},
  number={7},
  pages={437--444},
  year={1997},
  publisher={IEEE}
}

@article{cohen1996combinatorial,
  title={The combinatorial design approach to automatic test generation},
  author={Cohen, David M and Dalal, Siddhartha R and Parelius, Jesse and Patton, Gardner C},
  journal={IEEE software},
  number={5},
  pages={83--88},
  year={1996},
  publisher={IEEE}
}

@inproceedings{czerwonka2006pairwise,
  title={Pairwise testing in the real world: Practical extensions to test-case scenarios},
  author={Czerwonka, Jacek},
  booktitle={Proceedings of 24th Pacific Northwest Software Quality Conference, Citeseer},
  pages={419--430},
  year={2006}
}

@inproceedings{dalal1998model,
  title={Model-based testing of a highly programmable system},
  author={Dalal, SR and Jain, A and Karunanithi, N and Leaton, JM and Lott, CM},
  booktitle={Software Reliability Engineering, 1998. Proceedings. The Ninth International Symposium on},
  pages={174--179},
  year={1998},
  organization={IEEE}
}

@inproceedings{burroughs1994improved,
  title={Improved quality of protocol testing through techniques of experimental design},
  author={Burroughs, Kirk and Jain, Aridaman and Erickson, Robert L},
  booktitle={Communications, 1994. ICC'94, SUPERCOMM/ICC'94, Conference Record,'Serving Humanity Through Communications.'IEEE International Conference on},
  pages={745--752},
  year={1994},
  organization={IEEE}
}

@inproceedings{williams1996practical,
  title={A practical strategy for testing pair-wise coverage of network interfaces},
  author={Williams, Alan W and Probert, Robert L},
  booktitle={Software Reliability Engineering, 1996. Proceedings., Seventh International Symposium on},
  pages={246--254},
  year={1996},
  organization={IEEE}
}

@inproceedings{schroeder2002generating,
  title={Generating expected results for automated black-box testing},
  author={Schroeder, Patrick J and Faherty, Pat and Korel, Bogdan},
  booktitle={Automated Software Engineering, 2002. Proceedings. ASE 2002. 17th IEEE International Conference on},
  pages={139--148},
  year={2002},
  organization={IEEE}
}

@inproceedings{johansen2012algorithm,
  title={An algorithm for generating t-wise covering arrays from large feature models},
  author={Johansen, Martin Fagereng and Haugen, {\O}ystein and Fleurey, Franck},
  booktitle={Proceedings of the 16th International Software Product Line Conference-Volume 1},
  pages={46--55},
  year={2012},
  organization={ACM}
}

@article{lei2007combinatorial,
  title={A combinatorial testing strategy for concurrent programs},
  author={Lei, Yu and Carver, Richard H and Kacker, Raghu and Kung, David},
  journal={Software Testing, Verification and Reliability},
  volume={17},
  number={4},
  pages={207--225},
  year={2007},
  publisher={Wiley Online Library}
}

@article{yuan2011gui,
  title={GUI interaction testing: Incorporating event context},
  author={Yuan, Xun and Cohen, Myra B and Memon, Atif M},
  journal={Software Engineering, IEEE Transactions on},
  volume={37},
  number={4},
  pages={559--574},
  year={2011},
  publisher={IEEE}
}

@article{yilmaz2006covering,
  title={Covering arrays for efficient fault characterization in complex configuration spaces},
  author={Yilmaz, Cemal and Cohen, Myra B and Porter, Adam and others},
  journal={Software Engineering, IEEE Transactions on},
  volume={32},
  number={1},
  pages={20--34},
  year={2006},
  publisher={IEEE}
}

@article{kuhn2008practical,
  title={Practical combinatorial testing: Beyond pairwise},
  author={Kuhn, Rick and Lei, Yu and Kacker, Raghu},
  journal={IT Professional},
  volume={10},
  number={3},
  pages={19--23},
  year={2008},
  publisher={IEEE}
}

@inproceedings{kuhn2012combinatorial,
  title={Combinatorial methods for event sequence testing},
  author={Kuhn, D Richard and Higdon, James M and Lawrence, James F and Kacker, Raghu N and Lei, Yu},
  booktitle={Software Testing, Verification and Validation (ICST), 2012 IEEE Fifth International Conference on},
  pages={601--609},
  year={2012},
  organization={IEEE}
}

@inproceedings{demiroz2012cost,
  title={Cost-aware combinatorial interaction testing},
  author={Demiroz, Gulsen and Yilmaz, Cemal},
  booktitle={Proceedings of the Internatinoal Conference on Advances in System Testing and Validation Lifecycles},
  pages={9--16},
  year={2012}
}

@article{tamura2009compiling,
  title={Compiling finite linear CSP into SAT},
  author={Tamura, Naoyuki and Taga, Akiko and Kitagawa, Satoshi and Banbara, Mutsunori},
  journal={Constraints},
  volume={14},
  number={2},
  pages={254--272},
  year={2009},
  publisher={Springer}
}