@comment{It is strongly recommended to use BibLaTeX for these entries}

@inproceedings{KorogluSen:CSTVA2016,
title = {Design of a Modified Concolic Testing Algorithm with Smaller Constraints},
author = {Yavuz Koroglu and Alper Sen},
pages = {1--12},
url = {http://ceur-ws.org/Vol-XXX/#paper-01},
crossref = {CSTVA2016},
}

@inproceedings{BlanchardEtAl:CSTVA2016,
title = {A CHR-Based Solver for Weak Memory Behaviors},
author = {Allan Blanchard and Nikolai Kosmatov and Frederic Loulergue},
pages = {13--20},
url = {http://ceur-ws.org/Vol-XXX/#paper-02},
crossref = {CSTVA2016},
}

@inproceedings{MercanYilmaz:CSTVA2016,
title = {A Constraint Solving Problem Towards Unified Combinatorial Interaction Testing},
author = {Hanefi Mercan and Cemal Yilmaz},
pages = {21--27},
url = {http://ceur-ws.org/Vol-XXX/#paper-03},
crossref = {CSTVA2016},
}

@inproceedings{NevilleEtAl:CSTVA2016,
title = {Towards automated bounded model checking of API implementations},
author = {Daniel Neville and Andrew Malton and Martin Brain and Daniel Kroening},
pages = {28--39},
url = {http://ceur-ws.org/Vol-XXX/#paper-04},
crossref = {CSTVA2016},
}

@proceedings{CSTVA2016,
booktitle = {7th Workshop on Constraint Solvers in Testing, Verification, and Analysis (CSTVA)},
title = {Proceedings of the 7th Workshop on Constraint Solvers in Testing, Verification, and Analysis (CSTVA)},
year = 2016,
editor = {Omer Tripp and Christoph M. Wintersteiger},
number = XXX,
series = {CEUR Workshop Proceedings},
address = {Aachen},
issn = {1613-0073},
url = {http://ceur-ws.org/Vol-XXX/},
venue = {Saarbr√ºcken, Germany},
eventdate = {2016-07-17},
}

